@book{architecturePatterns,
	author = {Perroud, Thierry and Inversini, Reto},
	title = {Enterprise Architecture Patterns},
	year = {2013},
	isbn = {978-3-642-37560-6},
}

@book{integrationPatterns,
	author = {Hohpe, Gregor and Woolf, Bobby},
	title = {Enterprise Integration Patterns},
	year = {2004},
	isbn = {0-321-20068-3},
}

@manual{TOGAF,
    title = "TOGAF: Architecture Patterns",
    url = "https://pubs.opengroup.org/architecture/togaf92-doc/arch/chap22.html",
    year = "2018"}

@manual{covid,
  title        = {Self-Services â€“ gefragter denn je durch die Corona-Pandemie},
  url          = {https://www.e-commerce-magazin.de/self-services-gefragter-denn-je-durch-die-corona-pandemie/},
  year         = {2020},
}