@ARTICLE{9076858,  author={R. Y. {Kim}},  journal={IEEE Engineering Management Review},   title={The Impact of COVID-19 on Consumers: Preparing for Digital Sales},   year={2020},  volume={48},  number={3},  pages={212-218},  doi={10.1109/EMR.2020.2990115}}

@online{ozg:general,
    author = "BMI",
    title = "Was ist das Onlinezugangsgesetz (OZG)?",
    url = "https://www.onlinezugangsgesetz.de/Webs/OZG/DE/grundlagen/info-ozg/info-ozg-node.html"
}

@online{ozg:user_profiles_general,
    author = "IT-Planungsrat",
    title = "Nutzerkonten für Bürgerinnen und Bürger sowie Organisationen",
    url = "https://www.it-planungsrat.de/DE/ITPlanungsrat/OZG-Umsetzung/Portalverbund/03_Nutzerkonto_BuU/Nutzerkonto_node.html"
}

@report{ozg:user_profiles_detail,
    author = "IT-Planungsrat",
    title = "Technischer Abschlussbericht FINK",
    url = "https://www.it-planungsrat.de/SharedDocs/Downloads/DE/Entscheidungen/33_Sitzung/TOP02-4_AL1_FINK_Interoperable_Servicekonten_Technischer_Abschlussbericht.pdf?__blob=publicationFile&v=5"
}

@online{ozg:regulations,
    author = "BMI",
    title = "OZG im Wortlaut",
    howpublished = "Website",
    month = "11",
    year = "2020",
    url = "https://www.onlinezugangsgesetz.de/Webs/OZG/DE/grundlagen/info-ozg/info-ozg-wortlaut/ozg-im-wortlaut-node.html"
}

@online{idas,
    title = "Digitalisierung zu Ende gedacht",
    howpublished = "Website",
    year = "2021",
    url = "https://www.idas-solutions.de/index.php"
}

@online{ozg:informationsplattform,
    title = "Digitale Umsetzung des OZG-Umsetzungskataloges",
    howpublished = "Website",
    url = "https://informationsplattform.ozg-umsetzung.de"
}

@online{ozg:maturity_model,
    author = "IT-Planungsrat, BMI, FITKO",
    title = "Digitale Services im Sinne des OZG",
    howpublished = "Website",
    month = "11",
    year = "2020",
    url = "https://leitfaden.ozg-umsetzung.de/display/OZG/2.2+Digitale+Services+im+Sinne+des+OZG"
}

@online{ozg:onlinegateway_general,
    author = "IT-Planungsrat",
    title = "Digitale Verwaltung – direkt, schnell, einfach und sicher: Der Portalverbund mit Nutzerkonten",
    howpublished = "Website",
    url = "https://www.it-planungsrat.de/DE/ITPlanungsrat/OZG-Umsetzung/Portalverbund/Portalverbund_node.html"
}

@online{ozg:onlinegateway_architecture,
    author = "IT-Planungsrat",
    title = "Die Architektur des Portalverbunds",
    howpublished = "Website",
    url = "https://www.it-planungsrat.de/DE/ITPlanungsrat/OZG-Umsetzung/Portalverbund/01_Architektur/Architektur_node.html"
}