% This file was created with JabRef 2.9.2.
% Encoding: ISO8859_1

@article{telecomCSS,
  author          = {Boban Panajotovic, Borislav Odadzic},
  title           = {Architecture and Principles for the Customer Self-Service Management in Telecommunication},
  journal         = {2009 Fifth International Conference on Networking and Services},
  year            = {2009}
}

@article{served,
  author          = {Oliver D, Romm Livermore C, Farag NA},
  title           = {Are You Being Served? - Exploring the Role of Customer as Employees in the Digital World},
  journal         = {CollECT Europe},
  year            = {2005}
}

@book{CSSInternetAge,
  author         = {Dave Oliver, Celia Romm Livermore, Fay Sudweeks},
  title          = {Self-Service in the Internet Age},
  subtitle       = {Expectations and Experiences},
  publisher      = {Springer},
  year           = {2009}
}

@misc{digitalerWandel,
  title        = {Den digitalen Wandel gestalten},
  year         = {2020},
  url          = {https://www.bmwi.de/Redaktion/DE/Dossier/digitalisierung.html},
}

@misc{ozgInfo,
  author = {BMI},
  title        = {OZG-Informationsplattform},
  year         = {2020},
  url          = {https://informationsplattform.ozg-umsetzung.de/iNG/app/intro},
}

@misc{ozgScenarios,
  author = {BMI},
  title = {OZG-Informationsplattform},
  year  = {2020},
  url   = {https://informationsplattform.ozg-umsetzung.de/iNG/app/projects?qf=_zielart1&pager&nav=RegKO_RO&tb=projects}
}

@misc{dsgvo,
  author       = {intersoft consulting},
  title        = {Datenschutz-Grundverordnung},
  year         = {2020},
  url          = {https://dsgvo-gesetz.de/},
}

@misc{Ärzteblatt,
  author       = {Ärzteblatt},
  title        = {Elektronischer Heilberufsausweis: Die Krankschreibung wird digital},
  year         = {2020},
  url          = {https://www.aerzteblatt.de/archiv/216139/Elektronischer-Heilberufsausweis-Die-Krankschreibung-wird-digital},
}

@misc{gematik-e-rezept,
  author       = {gematik},
  title        = {Wie funktioniert das E-Rezept?},
  year         = {2020},
  url          = {https://www.gematik.de/anwendungen/e-rezept/},
}